<?xml version="1.0" encoding="UTF-8"?><collection xmlns="http://www.loc.gov/MARC21/slim"><record><leader>00472nam--2200169-i-4500</leader><controlfield tag="001">000031618</controlfield><controlfield tag="002">20161230</controlfield><controlfield tag="005">20161230201038</controlfield><controlfield tag="008">060222s1000------------r-----000-0-eng-d</controlfield><datafield ind1=" " ind2=" " tag="040"><subfield code="a">IFIN-HH</subfield></datafield><datafield ind1="1" ind2=" " tag="100"><subfield code="a">Mcmillan W.D</subfield></datafield><datafield ind1="1" ind2="0" tag="245"><subfield code="a">Statics and the dynamics of a particle</subfield><subfield code="c">William Duncan MacMillan</subfield></datafield><datafield ind1=" " ind2=" " tag="260"><subfield code="a">New York, Dover Publications, Inc., 1958</subfield></datafield><datafield ind1=" " ind2=" " tag="300"><subfield code="a">XVIII + 430P</subfield></datafield><datafield ind1=" " ind2=" " tag="490"><subfield code="a">Theoretical Mechanics</subfield></datafield><datafield ind1=" " ind2=" " tag="852"><subfield code="a">14873</subfield><subfield code="c">531</subfield></datafield><datafield ind1=" " ind2=" " tag="CAT"><subfield code="a">Sys</subfield><subfield code="c">20100622</subfield><subfield code="h">131551</subfield></datafield></record></collection>